@inproceedings{hoek1992modified,
	title        = {A modified Hoek--Brown failure criterion for jointed rock masses},
	author       = {Hoek, E and Wood, D and Shah, S},
	booktitle    = {Rock Characterization: ISRM Symposium, Eurock'92, Chester, UK, 14--17 September 1992},
	pages        = {209--214},
	year         = {1992},
	organization = {Thomas Telford Publishing},
}